<record><leader>00000cas a2200000 a 4500</leader><controlfield tag="001">12889828</controlfield><controlfield tag="008">851210d18901948wvuwr ne      0    0eng c</controlfield><datafield ind1=" " ind2=" " tag="010"><subfield code="a">sn 85059779 </subfield></datafield><datafield ind1=" " ind2=" " tag="040"><subfield code="a">WVC</subfield><subfield code="b">eng</subfield><subfield code="c">WVC</subfield><subfield code="d">OCL</subfield><subfield code="d">CRL</subfield><subfield code="d">DLC</subfield><subfield code="d">OCLCQ</subfield><subfield code="d">OCLCF</subfield><subfield code="d">OCLCO</subfield></datafield><datafield ind1=" " ind2=" " tag="042"><subfield code="a">pcc</subfield></datafield><datafield ind1=" " ind2=" " tag="043"><subfield code="a">n-us-wv</subfield></datafield><datafield ind1="0" ind2="0" tag="050"><subfield code="a">Newspaper</subfield></datafield><datafield ind1="0" ind2=" " tag="130"><subfield code="a">Farmers' advocate (Charles Town, W. Va.)</subfield></datafield><datafield ind1="1" ind2="4" tag="245"><subfield code="a">The farmers' advocate.</subfield></datafield><datafield ind1=" " ind2=" " tag="260"><subfield code="a">Charles Town, W. Va. :</subfield><subfield code="b">R.W. Morrow</subfield></datafield><datafield ind1=" " ind2=" " tag="300"><subfield code="a">v.</subfield></datafield><datafield ind1=" " ind2=" " tag="310"><subfield code="a">Weekly</subfield></datafield><datafield ind1="1" ind2=" " tag="362"><subfield code="a">Began in 1890.</subfield><subfield code="z">Cf. Bushong, M. Historic Jefferson County.</subfield></datafield><datafield ind1="1" ind2=" " tag="362"><subfield code="a">Ceased in Feb., 1948.</subfield></datafield><datafield ind1=" " ind2=" " tag="500"><subfield code="a">"Official organ of the West Virginia State Farmer's Alliance and Industrial Union."</subfield></datafield><datafield ind1=" " ind2=" " tag="500"><subfield code="a">Editor: R.W. Morrow.</subfield></datafield><datafield ind1=" " ind2=" " tag="515"><subfield code="a">Continued the numbering of: West Virginia democrat.</subfield></datafield><datafield ind1=" " ind2=" " tag="530"><subfield code="a">Also issued on microfilm from UMI.</subfield></datafield><datafield ind1=" " ind2=" " tag="580"><subfield code="a">Merged with: Spirit of Jefferson, to form: Spirit of Jefferson farmers advocate on Mar. 4, 1948.</subfield></datafield><datafield ind1=" " ind2=" " tag="588"><subfield code="a">Description based on: Vol. 7, no. 8 (Feb. 20, 1891).</subfield></datafield><datafield ind1=" " ind2=" " tag="588"><subfield code="a">Latest issue consulted: Vol. 53, no. 51 (Dec. 31, 1937).</subfield></datafield><datafield ind1=" " ind2="0" tag="651"><subfield code="a">Charles Town (W. Va.)</subfield><subfield code="v">Newspapers.</subfield></datafield><datafield ind1=" " ind2="0" tag="651"><subfield code="a">Jefferson County (W. Va.)</subfield><subfield code="v">Newspapers.</subfield></datafield><datafield ind1=" " ind2="7" tag="655"><subfield code="a">Newspapers.</subfield><subfield code="2">fast</subfield><subfield code="0">(OCoLC)fst01423814</subfield></datafield><datafield ind1=" " ind2="7" tag="651"><subfield code="a">West Virginia</subfield><subfield code="z">Charles Town.</subfield><subfield code="2">fast</subfield><subfield code="0">(OCoLC)fst01217935</subfield></datafield><datafield ind1=" " ind2="7" tag="651"><subfield code="a">West Virginia</subfield><subfield code="z">Jefferson County.</subfield><subfield code="2">fast</subfield><subfield code="0">(OCoLC)fst01211991</subfield></datafield><datafield ind1=" " ind2=" " tag="752"><subfield code="a">United States</subfield><subfield code="b">West Virginia</subfield><subfield code="c">Jefferson</subfield><subfield code="d">Charles Town.</subfield></datafield><datafield ind1="0" ind2="1" tag="780"><subfield code="t">West Virginia democrat</subfield><subfield code="w">(DLC)sn 85059778</subfield><subfield code="w">(OCoLC)12889820</subfield></datafield><datafield ind1="1" ind2="7" tag="785"><subfield code="t">Spirit of Jefferson</subfield><subfield code="w">(DLC)sn 84026788</subfield><subfield code="w">(OCoLC)10671636</subfield></datafield><datafield ind1="1" ind2="7" tag="785"><subfield code="t">Spirit of Jefferson farmers advocate</subfield><subfield code="w">(DLC)sn 85059780</subfield><subfield code="w">(OCoLC)12889829</subfield></datafield></record>